@online{2311.17003,
  author      = {Belmans, Pieter and Brecan, Ana-Maria and Franzen, Hans and Petrella, Gianni and Reineke, Markus},
  date        = {2023},
  eprint      = {2311.17003v2},
  eprintclass = {math.AG},
  eprinttype  = {arxiv},
  ids         = {2311.17003v2},
  title       = {Rigidity and Schofield's partial tilting conjecture for quiver moduli},
}
